@article{hill1965reasons,
  title={The reasons for writing},
  author={Hill, A Bradford},
  journal={BMJ},
  volume={2},
  number={8701.15},
  year={1965},
  url={http://jameslindlibrary.org/wp-data/uploads/2016/01/Hill-AB-1965-p870.pdf}
}

